@misc{cfd, title={Qual a importância do engenheiro na simulação computacional?}, url={https://www.esss.co/blog/qual-a-importancia-do-engenheiro-na-simulacao-computacional/}, journal={ESSS}, author={Scientific}, year={2019}, month={May}}

@book{cengel,
  title={Fluid mechanics},
  author={Cengel, Yunus A},
  year={2010},
  publisher={Tata McGraw-Hill Education}
}